% Encoding: UTF-8

@Online{Wissensw74:online,
  author   = {BMBF},
  title    = {Wissenswertes zum DigitalPakt Schule},
  year     = {2019},
  date     = {2019-03-15},
  url      = {https://www.bmbf.de/de/wissenswertes-zum-digitalpakt-schule-6496.html},
  urldate  = {11-04-2019},
  keywords = {Einführung, Kosten},
}

@Online{Horn2018,
  author   = {Dennis Horn},
  title    = {Digitalpakt Schule: Computer und Breitband allein helfen auch nicht › Digitalistan},
  year     = {2018},
  date     = {2018-11-26},
  url      = {https://blog.wdr.de/digitalistan/digitalpakt-schule-computer-und-breitband-allein-helfen-auch-nicht/},
  urldate  = {11-04-2019},
  comment  = {- Gefördert werden sollen auch WLAN, Lern- und Kommunikationsplattformen sowie Schulserver und interaktive Tafeln. 

- längst überfällig. 
- allerdings verdächtig ist: Wie sehr es in der Debatte um den Digitalpakt Schule vor allem um Hardware geht
- und wie wenig darüber gesprochen wird, wie diese Hardware denn überhaupt genutzt werden soll.
- Unterricht plötzlich digital und als würde man Schülerinnen und Schüler auf die digitale Welt vorbereiten, nur weil an jedem Platz ein Tablet liegt.},
  keywords = {Einführung},
}

@Comment{jabref-meta: databaseType:biblatex;}
