% Encoding: UTF-8

@Book{schoning_theoretische_1992,
  author    = {Schöning, Uwe},
  title     = {Theoretische Informatik-kurz gefasst},
  date      = {1992},
  publisher = {Wissenschaftsverlag Mannheim},
  keywords  = {Einführung},
}

@Online{,
  title    = {Hausarztpraxis Steglitz},
  url      = {http://www.hausarztpraxis-steglitz.de/},
  urldate  = {2019-04-11},
  abstract = {Hausarztpraxis Steglitz},
  file     = {Snapshot:C\:\\Users\\Jay\\Zotero\\storage\\GQ9LEZEZ\\www.hausarztpraxis-steglitz.de.html:text/html},
  keywords = {Einführung},
  langid   = {german},
}

@Comment{jabref-meta: databaseType:biblatex;}
